@article{Sharif18,
author = {Sharif, Muhammad and Khan, Muhammad and Faisal, Muhammad and Yasmin, Mussarat and Lawrence Fernandes, Steven},
year = {2018},
month = {02},
pages = {},
title = {A Framework for Offline Signature Verification System: Best Features Selection Approach},
journal = {Pattern Recognition Letters},
doi = {10.1016/j.patrec.2018.01.021}
}

@article{Souza18,
  author    = {Victor L. F. Souza and
               Adriano L. I. Oliveira and
               Robert Sabourin},
  title     = {A writer-independent approach for offline signature verification using
               deep convolutional neural networks features},
  journal   = {CoRR},
  volume    = {abs/1807.10755},
  year      = {2018},
  url       = {http://arxiv.org/abs/1807.10755},
  archivePrefix = {arXiv},
  eprint    = {1807.10755},
  timestamp = {Mon, 13 Aug 2018 16:48:59 +0200},
  biburl    = {https://dblp.org/rec/bib/journals/corr/abs-1807-10755},
  bibsource = {dblp computer science bibliography, https://dblp.org}
}